 
@article{B:1979,
  author = {Blakley, G.R.},
  journal = {Proceedings of the 1979 AFIPS National Computer Conference},
  pages = {313--317},
  publisher = {AFIPS Press},
  title = {Safeguarding cryptographic keys},
  year = 1979
}

@article{S:1979,
  author    = {Adi Shamir},
  title     = {How to Share a Secret},
  journal   = {Commun. ACM},
  volume    = {22},
  number    = {11},
  year      = {1979},
  pages     = {612-613},
  ee        = {http://doi.acm.org/10.1145/359168.359176},
  bibsource = {DBLP, http://dblp.uni-trier.de}
}

@article {ITO:1989,
  author = {Ito, Mitsuru and Saito, Akira and Nishizeki, Takao},
  title = {Secret sharing scheme realizing general access structure},
  journal = {Electronics and Communications in Japan (Part III: Fundamental Electronic Science)},
  volume = {72},
  number = {9},
  publisher = {Wiley Subscription Services, Inc., A Wiley Company},
  issn = {1520-6440},
  url = {http://dx.doi.org/10.1002/ecjc.4430720906},
  doi = {10.1002/ecjc.4430720906},
  pages = {56--64},
  year = {1989},
}

@inproceedings{JJ:1990,
   author = {Benaloh, J. and Leichter, J.},
   title = {Generalized Secret Sharing and Monotone Functions},
   booktitle = {Proceedings on Advances in Cryptology},
   series = {CRYPTO '88},
   year = {1990},
   isbn = {0-387-97196-3},
   location = {Santa Barbara, California, USA},
   pages = {27--35},
   numpages = {9},
   url = {http://dl.acm.org/citation.cfm?id=88314.88328},
   acmid = {88328},
   publisher = {Springer-Verlag New York, Inc.},
   address = {New York, NY, USA},
}

@article{L:1997,
  author    = {Csirmaz, László},
  title     = {The size of a share must be large},
  Journal   = {Journal of cryptology},
  volume    = {10.4},
  year      = {1997},
  pages     = { 223-231}
}

@article{hillery:1999,
  title={Quantum secret sharing},
  author={Hillery, Mark and Bu{\v{z}}ek, Vladim{\'\i}r and Berthiaume, Andr{\'e}},
  journal={Physical Review A},
  volume={59},
  number={3},
  pages={1829},
  year={1999},
  publisher={APS}
}

@book{Katz:2007,
 author = {Katz, Jonathan and Lindell, Yehuda},
 title = {Introduction to Modern Cryptography (Chapman \& Hall/Crc Cryptography and Network Security Series)},
 year = {2007},
 isbn = {1584885513},
 publisher = {Chapman \& Hall/CRC},
}

@incollection{Survey:2011,
  title={Secret-sharing schemes: a survey},
  author={Beimel, Amos},
  booktitle={Coding and cryptology},
  pages={11--46},
  year={2011},
  publisher={Springer}
}