@article{AAMK:2013,
  author    = {Sahel Alouneh and
               Sa'ed Abed and
               Bassam Jamil Mohd and
               Mazen Kharbutli},
  title     = {An Efficient Backup Technique for Database Systems Based on Threshold
               Sharing},
  journal   = {{JCP}},
  year      = {2013},
  volume    = {8},
  number    = {11},
  pages     = {2980--2989}
} 
@article{B:1979,
  author = {Blakley, G.R.},
  journal = {Proceedings of the 1979 AFIPS National Computer Conference},
  pages = {313--317},
  publisher = {AFIPS Press},
  title = {Safeguarding cryptographic keys},
  year = 1979
}

@article{bertoni:2009keccak,
  title={Keccak sponge function family main document},
  author={Bertoni, Guido and Daemen, Joan and Peeters, Micha{\"e}l and Van Assche, Gilles},
  journal={Submission to NIST (Round 2)},
  volume={3},
  pages={30},
  year={2009},
  publisher={Citeseer}
}

@incollection{boneh:1998decision,
  title={The decision {D}iffie-{H}ellman problem},
  author={Boneh, Dan},
  booktitle={Algorithmic number theory},
  pages={48--63},
  year={1998},
  publisher={Springer}
}
@article{boneh:2003applications,
  title={Applications of multilinear forms to cryptography},
  author={Boneh, Dan and Silverberg, Alice},
  journal={Contemporary Mathematics},
  volume={324},
  number={1},
  pages={71--90},
  year={2003},
  publisher={Providence, RI: American Mathematical Society}
}

@incollection{boneh:2013constrained,
  title={Constrained pseudorandom functions and their applications},
  author={Boneh, Dan and Waters, Brent},
  booktitle={Advances in Cryptology-ASIACRYPT 2013},
  pages={280--300},
  year={2013},
  publisher={Springer}
}

@article{cattell:2011scalable,
  title={Scalable SQL and NoSQL data stores},
  author={Cattell, Rick},
  journal={ACM SIGMOD Record},
  volume={39},
  number={4},
  pages={12--27},
  year={2011},
  publisher={ACM}
}

@article{Chen:1994,
  author = {Chen, Peter M. and Lee, Edward K. and Gibson, Garth A. and Katz, Randy H. and Patterson, David A.},
  title = {RAID: High-performance, Reliable Secondary Storage},
  journal = {ACM Comput. Surv.},
  issue_date = {June 1994},
  volume = {26},
  number = {2},
  month = jun,
  year = {1994},
  issn = {0360-0300},
  pages = {145--185},
  numpages = {41},
  url = {http://doi.acm.org/10.1145/176979.176981},
  doi = {10.1145/176979.176981},
  acmid = {176981},
  publisher = {ACM},
  address = {New York, NY, USA},
   keywords = {RAID, disk array, parallel I/O, redundancy, storage, striping},
} 

@inproceedings{chor:1985verifiable,
  title={Verifiable secret sharing and achieving simultaneity in the presence of faults},
  author={Chor, Benny and Goldwasser, Shafi and Micali, Silvio and Awerbuch, Baruch},
  booktitle={2013 IEEE 54th Annual Symposium on Foundations of Computer Science},
  pages={383--395},
  year={1985},
  organization={IEEE}
}

@book{daemen:2013design,
  title={The design of Rijndael: AES-the advanced encryption standard},
  author={Daemen, Joan and Rijmen, Vincent},
  year={2013},
  publisher={Springer Science \& Business Media}
}

@article{dierks2008transport,
  title={The transport layer security (TLS) protocol version 1.2},
  author={Dierks, Tim},
  year={2008}
}
@article{diffie1976new,
  title={New directions in cryptography},
  author={Diffie, Whitfield and Hellman, Martin E},
  journal={Information Theory, IEEE Transactions on},
  volume={22},
  number={6},
  pages={644--654},
  year={1976},
  publisher={IEEE}
}
@inproceedings{dinur:2014collision,
  title={Collision attacks on up to 5 rounds of SHA-3 using generalized internal differentials},
  author={Dinur, Itai and Dunkelman, Orr and Shamir, Adi},
  booktitle={Fast Software Encryption},
  pages={219--240},
  year={2014},
  organization={Springer}
}

@inproceedings{dodis2013security,
  title={Security analysis of pseudo-random number generators with input:/dev/random is not robust},
  author={Dodis, Yevgeniy and Pointcheval, David and Ruhault, Sylvain and Vergniaud, Damien and Wichs, Daniel},
  booktitle={Proceedings of the 2013 ACM SIGSAC conference on Computer \& communications security},
  pages={647--658},
  year={2013},
  organization={ACM}
}

@inproceedings{garfinkel2007evaluation,
  title={An evaluation of amazon’s grid computing services: EC2, S3, and SQS},
  author={Garfinkel, Simson L},
  booktitle={Center for},
  year={2007},
  organization={Citeseer}
}

@article{goldreich1986construct,
  title={How to construct random functions},
  author={Goldreich, Oded and Goldwasser, Shafi and Micali, Silvio},
  journal={Journal of the ACM (JACM)},
  volume={33},
  number={4},
  pages={792--807},
  year={1986},
  publisher={ACM}
}
@article{greenwald:2013edward,
  title={Edward Snowden: the whistleblower behind the NSA surveillance revelations},
  author={Greenwald, Glenn and MacAskill, Ewen and Poitras, Laura},
  journal={The Guardian},
  volume={9},
  pages={2013},
  year={2013}
}

@article{greenwald:2013nsa,
  title={NSA Prism program taps in to user data of Apple, Google and others},
  author={Greenwald, Glenn and MacAskill, Ewen},
  journal={The Guardian},
  volume={7},
  number={6},
  pages={1--43},
  year={2013}
}

@article{gutmann:2005security,
  title={Security usability},
  author={Gutmann, Peter and Grigg, Ian},
  journal={Security \& Privacy, IEEE},
  volume={3},
  number={4},
  pages={56--58},
  year={2005},
  publisher={IEEE}
}

@inproceedings{Feldman:1987,
  author = {Feldman, Paul},
  title = {A Practical Scheme for Non-interactive Verifiable Secret Sharing},
  booktitle = {Proceedings of the 28th Annual Symposium on Foundations of Computer Science},
  series = {SFCS '87},
  year = {1987},
  isbn = {0-8186-0807-2},
  pages = {427--438},
  numpages = {12},
  url = {http://dx.doi.org/10.1109/SFCS.1987.4},
  doi = {10.1109/SFCS.1987.4},
  acmid = {1383000},
  publisher = {IEEE Computer Society},
  address = {Washington, DC, USA},
}

@book{forouzan:2002tcp,
  title={TCP/IP protocol suite},
  author={Forouzan, Behrouz A},
  year={2002},
  publisher={McGraw-Hill, Inc.}
}

@inproceedings{gutterman:2006analysis,
  title={Analysis of the linux random number generator},
  author={Gutterman, Zvi and Pinkas, Benny and Reinman, Tzachy},
  booktitle={Security and Privacy, 2006 IEEE Symposium on},
  pages={15--pp},
  year={2006},
  organization={IEEE}
}

@article{hillery:1999,
  title={Quantum secret sharing},
  author={Hillery, Mark and Bu{\v{z}}ek, Vladim{\'\i}r and Berthiaume, Andr{\'e}},
  journal={Physical Review A},
  volume={59},
  number={3},
  pages={1829},
  year={1999},
  publisher={APS}
}

@article{Hunter:2007,
  Author    = {Hunter, J. D.},
  Title     = {Matplotlib: A {2D} graphics environment},
  Journal   = {Computing In Science \& Engineering},
  Volume    = {9},
  Number    = {3},
  Pages     = {90--95},
  abstract  = {Matplotlib is a 2D graphics package used for Python
  for application development, interactive scripting, and
  publication-quality image generation across user
  interfaces and operating systems.},
  publisher = {IEEE COMPUTER SOC},
  year      = 2007
}

@article {ITO:1989,
  author = {Ito, Mitsuru and Saito, Akira and Nishizeki, Takao},
  title = {Secret sharing scheme realizing general access structure},
  journal = {Electronics and Communications in Japan (Part III: Fundamental Electronic Science)},
  volume = {72},
  number = {9},
  publisher = {Wiley Subscription Services, Inc., A Wiley Company},
  issn = {1520-6440},
  url = {http://dx.doi.org/10.1002/ecjc.4430720906},
  doi = {10.1002/ecjc.4430720906},
  pages = {56--64},
  year = {1989},
}

@inproceedings{JJ:1990,
   author = {Benaloh, J. and Leichter, J.},
   title = {Generalized Secret Sharing and Monotone Functions},
   booktitle = {Proceedings on Advances in Cryptology},
   series = {CRYPTO '88},
   year = {1990},
   isbn = {0-387-97196-3},
   location = {Santa Barbara, California, USA},
   pages = {27--35},
   numpages = {9},
   url = {http://dl.acm.org/citation.cfm?id=88314.88328},
   acmid = {88328},
   publisher = {Springer-Verlag New York, Inc.},
   address = {New York, NY, USA},
}
@incollection{joux2000one,
  title={A one round protocol for tripartite Diffie--Hellman},
  author={Joux, Antoine},
  booktitle={Algorithmic number theory},
  pages={385--393},
  year={2000},
  publisher={Springer}
}

@book{Katz:2007,
 author = {Katz, Jonathan and Lindell, Yehuda},
 title = {Introduction to Modern Cryptography (Chapman \& Hall/Crc Cryptography and Network Security Series)},
 year = {2007},
 isbn = {1584885513},
 pages={1-6, 123-124},
 publisher = {Chapman \& Hall/CRC},
}
@article{Karnin:83,
    author = {Ehud D. Karnin and Student Member and Jonathan W. Greene and Student Member and Martin E. Hellman},
    title = {On secret sharing systems},
    journal = {IEEE Transactions on Information Theory},
    year = {1983},
    volume = {29},
    pages = {35--41}
}

@inproceedings{kocher:1996timing,
  title={Timing attacks on implementations of Diffie-Hellman, RSA, DSS, and other systems},
  author={Kocher, Paul C},
  booktitle={Advances in Cryptology—CRYPTO’96},
  pages={104--113},
  year={1996},
  organization={Springer}
}

@article{krawczyk1997hmac,
  title={HMAC: Keyed-hashing for message authentication},
  author={Krawczyk, Hugo and Canetti, Ran and Bellare, Mihir},
  year={1997}
}

@article{L:1997,
  author    = {Csirmaz, László},
  title     = {The size of a share must be large},
  Journal   = {Journal of cryptology},
  volume    = {10.4},
  year      = {1997},
  pages     = { 223-231}
}
@article{Martin:2008,
  title={Challenging the adversary model in secret sharing schemes},
  author={Martin, Keith M},
  journal={Coding and Cryptography II, Proceedings of the Royal Flemish Academy of Belgium for Science and the Arts},
  pages={45--63},
  year={2008},
  publisher={Citeseer}
}

@article{Patterson:1988,
  author = {Patterson, David A. and Gibson, Garth and Katz, Randy H.},
  title = {A Case for Redundant Arrays of Inexpensive Disks (RAID)},
  journal = {SIGMOD Rec.},
  issue_date = {June 1988},
  volume = {17},
  number = {3},
  month = jun,
  year = {1988},
  issn = {0163-5808},
  pages = {109--116},
  numpages = {8},
  url = {http://doi.acm.org/10.1145/971701.50214},
  doi = {10.1145/971701.50214},
  acmid = {50214},
  publisher = {ACM},
  address = {New York, NY, USA},
} 

@article{paterson:2009relations,
  title={On the relations between non-interactive key distribution, identity-based encryption and trapdoor discrete log groups},
  author={Paterson, Kenneth G and Srinivasan, Sriramkrishnan},
  journal={Designs, Codes and Cryptography},
  volume={52},
  number={2},
  pages={219--241},
  year={2009},
  publisher={Springer}
}

@article{protocol:1980rfc,
  title={RFC 768 J. Postel ISI 28 August 1980},
  author={Protocol, User Datagram},
  journal={Isi},
  year={1980}
}

@article{regev2009lattices,
  title={On lattices, learning with errors, random linear codes, and cryptography},
  author={Regev, Oded},
  journal={Journal of the ACM (JACM)},
  volume={56},
  number={6},
  pages={34},
  year={2009},
  publisher={ACM}
}

@incollection{RD:2014,
  author = {R.F.Olimid and D.A.Rotaru},
  title = {An Immediate Multi-party Generalization of {ID-NIKE} from Constrained {PRF}},
  publisher = {Theory Day in Computer Science},
  booktitle = {Analele Universității București},
  year = {2014}
}

@article{RD:2015,
  author = {R.F.Olimid and D.A.Rotaru},
  title = {On the security of a backup technique for database systems based on threshold sharing},
  journal = {Journal of Control Engineering and Applied Informatics (\^{i}n recenzie)},
  year = {2015}
}

@article{S:1979,
  author    = {Adi Shamir},
  title     = {How to Share a Secret},
  journal   = {Commun. ACM},
  volume    = {22},
  number    = {11},
  year      = {1979},
  pages     = {612-613},
  ee        = {http://doi.acm.org/10.1145/359168.359176},
  bibsource = {DBLP, http://dblp.uni-trier.de}
}

@article{schneier:2005two,
  title={Two-factor authentication: too little, too late.},
  author={Schneier, Bruce},
  journal={Commun. ACM},
  volume={48},
  number={4},
  pages={136},
  year={2005}
}

@inproceedings{shamir:1985identity,
  title={Identity-based cryptosystems and signature schemes},
  author={Shamir, Adi},
  booktitle={Advances in cryptology},
  pages={47--53},
  year={1985},
  organization={Springer}
}

@inproceedings{Shor:1994,
  title={Algorithms for quantum computation: discrete logarithms and factoring},
  author={Shor, Peter W},
  booktitle={Foundations of Computer Science, 1994 Proceedings., 35th Annual Symposium on},
  pages={124--134},
  year={1994},
  organization={IEEE}
}

@article{SGMV:2009,
  author    = {Mark W. Storer and
               Kevin M. Greenan and
               Ethan L. Miller and
               Kaladhar Voruganti},
  title     = {POTSHARDS - a secure, recoverable, long-term archival storage
               system},
  journal   = {TOS},
  volume    = {5},
  number    = {2},
  year      = {2009},
  ee        = {http://doi.acm.org/10.1145/1534912.1534914},
  bibsource = {DBLP, http://dblp.uni-trier.de}
}

@inproceedings{SBM:2005,
   author              = {Arun Subbiah and Douglas M. Blough},
   title               = {An approach for fault tolerant and secure data storage in collaborative work environments.},
   booktitle           = {StorageSS},
   year                = {2005},
   pages               = {84-93},
   ee                  = {http://doi.acm.org/10.1145/1103780.1103793}
}
@inproceedings{STM:2006,
  author    = {Thomas J. E. Schwarz and
               Ethan L. Miller},
  title     = {Store, Forget, and Check: Using Algebraic Signatures to Check Remotely
               Administered Storage},
  booktitle = {26th {IEEE} International Conference on Distributed Computing Systems
               {(ICDCS} 2006), 4-7 July 2006, Lisboa, Portugal},
  pages     = {12},
  year      = {2006},
  url       = {http://dx.doi.org/10.1109/ICDCS.2006.80},
  doi       = {10.1109/ICDCS.2006.80},
  timestamp = {Thu, 11 Dec 2014 17:34:05 +0100},
  biburl    = {http://dblp.uni-trier.de/rec/bib/conf/icdcs/SchwarzM06},
  bibsource = {dblp computer science bibliography, http://dblp.org}
}

@inproceedings{storer:2006long,
  title={Long-term threats to secure archives},
  author={Storer, Mark W and Greenan, Kevin and Miller, Ethan L},
  booktitle={Proceedings of the second ACM workshop on Storage security and survivability},
  pages={9--16},
  year={2006},
  organization={ACM}
}

@incollection{Survey:2011,
  title={Secret-sharing schemes: a survey},
  author={Beimel, Amos},
  booktitle={Coding and cryptology},
  pages={11--46},
  year={2011},
  publisher={Springer}
}

@inproceedings{Vaudenay:2002,
  author = {Vaudenay, Serge},
  title = {Security Flaws Induced by CBC Padding - Applications to SSL, IPSEC, WTLS},
  booktitle = {Proceedings of the International Conference on the Theory and Applications of Cryptographic Techniques: Advances in Cryptology},
  series = {EUROCRYPT '02},
  year = {2002},
  isbn = {3-540-43553-0},
  pages = {534--546},
  numpages = {13},
  url = {http://dl.acm.org/citation.cfm?id=647087.715705},
  acmid = {715705},
  publisher = {Springer-Verlag},
  address = {London, UK, UK},
} 

@article{W:2000,
  author = {Wylie, Jay J. and Bigrigg, Michael W. and Strunk, John D. and Ganger, Gregory R. and Kili\c{c}\c{c}\"{o}te, Han and Khosla, Pradeep K.},
  title = {Survivable Information Storage Systems},
  journal = {Computer},
  issue_date = {2000},
  volume = {33},
  number = {8},
  year = {2000},
  issn = {0018-9162},
  pages = {61--68},
  numpages = {8},
  acmid = {621536},
  publisher = {IEEE Computer Society Press},
  address = {Los Alamitos, CA, USA},
}


@misc{Ceai:2015,
  author = {WebSite},
  title = {Journal of {C}ontrol {E}ngineering and {A}pplied {I}nformatics},
  note = {Ultima accesare: Iunie, 2015, \url{http://www.ceai.srait.ro/index.php/ceai/index}},
  year = {2015}
}

@misc{CodeGit:2015,
  author = {WebSite},
  title = {Cod {G}itHub - {O}fficial {W}ebsite},
  note = {Ultima accesare: Iunie, 2015, \url{https://www.github.com/rdragos/splitting-scheme}},
  year = {2015}
}

@misc{Europass:2015,
  author = {WebSite},
  title = {Europass - download examples},
  note = {Ultima accesare: Iunie, 2015, \url{http://www.europass.cedefop.europa.eu/ro/home}},
  year = {2014}
}
@misc{GitHub:2015,
  author = {WebSite},
  title = {GitHub - {O}fficial {W}ebsite},
  note = {Ultima accesare: Iunie, 2015, \url{https://www.github.com}},
  year = {2015}
}
@misc{Python:2015,
  author = {WebSite},
  title = {Python {P}rogramming {L}anguage - Official Website},
  note = {Ultima accesare: Iunie, 2015, \url{https://www.python.org/}},
  year = {2015}
}
@misc{PyCerealizer:2015,
  author = {WebSite},
  title = {Cerealizer Package},
  note = {Ultima accesare: Iunie, 2015, \url{https://pypi.python.org/pypi/Cerealizer}},
  year = {2015}
}

@article{ylonen:2006secure,
  title={The secure shell (SSH) protocol architecture},
  author={Ylonen, Tatu and Lonvick, Chris},
  year={2006}
}

@misc{website:angularjs,
  author = {WebSite},
  title = {Angular Website},
  note = {Ultima accesare: Iunie, 2015, \url{https://angularjs.org/}},
  year = {2015}
}

@misc{website:aws-docs,
  author = {WebSite},
  title = {Amazon User Guid Website},
  note = {Ultima accesare: Iunie, 2015, \url{http://docs.aws.amazon.com/AWSEC2/latest/UserGuide}},
  year = {2015}
}

@misc{website:boto-docs,
  author = {WebSite},
  title = {boto: A Python interface to Amazon Web Services},
  note = {Ultima accesare: Iunie, 2015, \url{http://boto.readthedocs.org/en/latest/}},
  year = {2015}
}

@misc{website:freenet,
  author = {WebSite},
  title = {Freenet project},
  note = {Ultima accesare: Iunie, 2015, \url{https://freenetproject.org/}},
  year = {2015}
}
@misc{website:nautilus,
  author = {WebSite},
  title = {Nautilus Secure Phone},
  note = {Ultima accesare: Iunie, 2015, \url{http://www.lst.de/~johannes/nautilus-securephone/}},
  year = {2015}
}
@misc{website:pgp-phone,
  author = {WebSite},
  title = {PGPfone - Pretty Good Privacy Phone},
  note = {Ultima accesare: Iunie, 2015, \url{http://www.pgpi.org/products/pgpfone/}},
  year = {2015}
}

@misc{website:pysss-github,
  author = {WebSite},
  title = {Python Shamir Secret Sharing Scheme},
  note = {Ultima accesare: Iunie, 2015, \url{https://github.com/hbs/PySSSS}},
  year = {2015}
}

@misc{website:redis-documentation,
  author = {WebSite},
  title = {Redis Data Types},
  note = {Ultima accesare: Iunie, 2015, \url{http://redis.io/documentation}},
  year = {2015}
}


@misc{website:redis-py,
  author = {WebSite},
  title = {Client Redis pentru Python},
  note = {Ultima accesare: Iunie, 2015, \url{https://pypi.python.org/pypi/redis/}},
  year = {2015}
}

@misc{website:upstart,
  author = {WebSite},
  title = {UpStart},
  note = {Ultima accesare: Iunie, 2015, \url{http://upstart.ubuntu.com/}},
  year = {2015}
}
